@article{deryagin1962theory,
 	 title="Theory of the breakdown (rupture) of free films",
 	 author="Deryagin, BV and Gutop, Yu V",
 	 journal="Kolloidn. Zh",
  	volume="24",
  	pages="370--374",
 	 year="1962",
}

@article{Weaver1996135,
	title = "Theory of electroporation: A review ",
	journal = "Bioelectrochemistry and Bioenergetics ",
	volume = "41",
	number = "2",
	pages = "135 - 160",
	year = "1996",
	note = "",
	issn = "0302-4598",
    author = "James C. Weaver and Yu.A. Chizmadzhev",
}

@article{Zimmermann1974881,
	Author = "U. Zimmermann and G. Pilwat and F. Riemann",
	Issn = "0006-3495",
	Journal = "Biophysical Journal",
	Number = "11",
	Pages = "881 - 899",
	Title = "Dielectric Breakdown of Cell Membranes",
}
@article{DeBruin19991213,
	title = "Modeling Electroporation in a Single Cell. I. Effects of Field Strength and Rest Potential ",
	journal = "Biophysical Journal ",
	volume = "77",
	number = "3",
	pages = "1213 - 1224",
	year = "1999",
	note = "",
	issn = "0006-3495",
	author = "Katherine A. DeBruin and Wanda Krassowska",
}
@article{landau1950theory,
  title={On the theory of superconductivity},
  author={Landau, LD and Ginzburg, VL},
  journal={Journal of Experimental and Theoretical Physics (USSR)},
  volume={20},
  pages={1064},
  year={1950}
}
@article{Cahn1971151,
title = "Spinodal decomposition: A reprise ",
journal = "Acta Metallurgica ",
volume = "19",
number = "2",
pages = "151 - 161",
year = "1971",
note = "",
issn = "0001-6160",
doi = "http://dx.doi.org/10.1016/0001-6160(71)90127-1",
url = "http://www.sciencedirect.com/science/article/pii/0001616071901271",
author = "J.W Cahn and J.E Hilliard"
}
@article{Allen19791085,
title = "A microscopic theory for antiphase boundary motion and its application to antiphase domain coarsening ",
journal = "Acta Metallurgica ",
volume = "27",
number = "6",
pages = "1085 - 1095",
year = "1979",
note = "",
issn = "0001-6160",
doi = "http://dx.doi.org/10.1016/0001-6160(79)90196-2",
url = "http://www.sciencedirect.com/science/article/pii/0001616079901962",
author = "Samuel M. Allen and John W. Cahn"
}
@article{PhysRevE.61.6632,
  title = {Viscous fingering in liquid crystals: Anisotropy and morphological transitions},
  author = {Folch, R. and Casademunt, J. and Hern\'andez-Machado, A.},
  journal = {Phys. Rev. E},
  volume = {61},
  issue = {6},
  pages = {6632--6638},
  numpages = {0},
  year = {2000},
  month = {Jun},
  publisher = {American Physical Society},
  doi = {10.1103/PhysRevE.61.6632},
  url = {http://link.aps.org/doi/10.1103/PhysRevE.61.6632}
}
@article{PhysRevE.68.046310,
  title = {Phase-field model of Hele-Shaw flows in the high-viscosity contrast regime},
  author = {Hern\'andez-Machado, A. and Lacasta, A. M. and Mayoral, E. and Corvera Poir\'e, E.},
  journal = {Phys. Rev. E},
  volume = {68},
  issue = {4},
  pages = {046310},
  numpages = {6},
  year = {2003},
  month = {Oct},
  publisher = {American Physical Society},
  doi = {10.1103/PhysRevE.68.046310},
  url = {http://link.aps.org/doi/10.1103/PhysRevE.68.046310}
}
@article{PhysRevLett.87.045501,
  title = {Phase-Field Model of Mode III Dynamic Fracture},
  author = {Karma, Alain and Kessler, David A. and Levine, Herbert},
  journal = {Phys. Rev. Lett.},
  volume = {87},
  issue = {4},
  pages = {045501},
  numpages = {4},
  year = {2001},
  month = {Jul},
  publisher = {American Physical Society},
  doi = {10.1103/PhysRevLett.87.045501},
  url = {http://link.aps.org/doi/10.1103/PhysRevLett.87.045501}
}
@article{Steinbach1996135,
title = "A phase field concept for multiphase systems ",
journal = "Physica D: Nonlinear Phenomena ",
volume = "94",
number = "3",
pages = "135 - 147",
year = "1996",
note = "",
issn = "0167-2789",
doi = "http://dx.doi.org/10.1016/0167-2789(95)00298-7",
url = "http://www.sciencedirect.com/science/article/pii/0167278995002987",
author = "I. Steinbach and F. Pezzolla and B. Nestler and M. Seebelberg and R. Prieler and G.J. Schmitz and J.L.L. Rezende"
}
@article{Badalassi2003371,
title = "Computation of multiphase systems with phase field models ",
journal = "Journal of Computational Physics ",
volume = "190",
number = "2",
pages = "371 - 397",
year = "2003",
note = "",
issn = "0021-9991",
doi = "http://dx.doi.org/10.1016/S0021-9991(03)00280-8",
url = "http://www.sciencedirect.com/science/article/pii/S0021999103002808",
author = "V.E. Badalassi and H.D. Ceniceros and S. Banerjee",
keywords = "Cahn–Hilliard equation",
keywords = "Navier–Stokes equations",
keywords = "Phase separation",
keywords = "Model H",
keywords = "Phase separation under shear flow",
keywords = "Interface capturing methods "
}
@article{Du2004450,
title = "A phase field approach in the numerical study of the elastic bending energy for vesicle membranes ",
journal = "Journal of Computational Physics ",
volume = "198",
number = "2",
pages = "450 - 468",
year = "2004",
note = "",
issn = "0021-9991",
doi = "http://dx.doi.org/10.1016/j.jcp.2004.01.029",
url = "http://www.sciencedirect.com/science/article/pii/S0021999104000373",
author = "Qiang Du and Chun Liu and Xiaoqiang Wang",
keywords = "Phase field",
keywords = "Elastic bending energy",
keywords = "Bio-membrane",
keywords = "Finite difference methods",
keywords = "Numerical simulation",
keywords = "Axial-symmetry",
keywords = "Bifurcation diagram "
}
@article{PhysRevE.79.031926,
  title = {Phase-field modeling of the dynamics of multicomponent vesicles: Spinodal decomposition, coarsening, budding, and fission},
  author = {Lowengrub, John S. and R\"atz, Andreas and Voigt, Axel},
  journal = {Phys. Rev. E},
  volume = {79},
  issue = {3},
  pages = {031926},
  numpages = {13},
  year = {2009},
  month = {Mar},
  publisher = {American Physical Society},
  doi = {10.1103/PhysRevE.79.031926},
  url = {http://link.aps.org/doi/10.1103/PhysRevE.79.031926}
}
@article{:/content/aip/journal/pof2/23/4/10.1063/1.3567276,
   author = "Schwalbe, Jonathan T. and Vlahovska, Petia M. and Miksis, Michael J.",
   title = "Lipid membrane instability driven by capacitive charging",
   journal = "Physics of Fluids (1994-present)",
   year = "2011",
   volume = "23",
   number = "4", 
   eid = 041701,
   pages = "-",
   url = "http://scitation.aip.org/content/aip/journal/pof2/23/4/10.1063/1.3567276",
   doi = "http://dx.doi.org/10.1063/1.3567276" 
}
@article{PhysRevE.68.061915,
  title = {Lipid membranes with free edges},
  author = {Tu, Z. C. and Ou-Yang, Z. C.},
  journal = {Phys. Rev. E},
  volume = {68},
  issue = {6},
  pages = {061915},
  numpages = {7},
  year = {2003},
  month = {Dec},
  publisher = {American Physical Society},
  doi = {10.1103/PhysRevE.68.061915},
  url = {http://link.aps.org/doi/10.1103/PhysRevE.68.061915}
}
@article{PhysRevE.66.021607,
  title = {Lipid membranes with an edge},
  author = {Capovilla, R. and Guven, J. and Santiago, J. A.},
  journal = {Phys. Rev. E},
  volume = {66},
  issue = {2},
  pages = {021607},
  numpages = {7},
  year = {2002},
  month = {Aug},
  publisher = {American Physical Society},
  doi = {10.1103/PhysRevE.66.021607},
  url = {http://link.aps.org/doi/10.1103/PhysRevE.66.021607}
}


